@book{CLRS,
  title={Introduction to Algorithms, Third edition},
  author={Thomas H. Cormen; Charles E. Leiserson; Ronald L. Rivest; Clifford Stein},
  year={2009}
}

@book{CompGeo,
  title={Computational Geometry, Algorithms and Applications, Third Edition},
  author={Mark de Berg; Otfried Cheong; Marc van Kreveld; Mark Overmars},
  year={2008}
}

@book{TreapArticle,
  title={Randomized Search Trees},
  author={Raimund Seidel; Cecilia R. Aragon},
  year={1996}
}